<record><leader>00000cas a22000007a 4500</leader><controlfield tag="001">11153635</controlfield><controlfield tag="008">840914d18751880inuwr ne      0    0eng d</controlfield><datafield ind1=" " ind2=" " tag="010"><subfield code="a">sn 84023998 </subfield></datafield><datafield ind1=" " ind2=" " tag="040"><subfield code="a">NPX</subfield><subfield code="b">eng</subfield><subfield code="c">NPX</subfield><subfield code="d">NPI</subfield><subfield code="d">GUA</subfield><subfield code="d">OCLCQ</subfield><subfield code="d">IUL</subfield><subfield code="d">OCLCF</subfield></datafield><datafield ind1=" " ind2=" " tag="042"><subfield code="a">msc</subfield></datafield><datafield ind1=" " ind2=" " tag="043"><subfield code="a">n-us-in</subfield></datafield><datafield ind1="0" ind2=" " tag="130"><subfield code="a">Saturday evening herald (La Porte, Ind.)</subfield></datafield><datafield ind1="1" ind2="0" tag="245"><subfield code="a">Saturday evening herald.</subfield></datafield><datafield ind1=" " ind2=" " tag="260"><subfield code="a">La Porte, Ind. :</subfield><subfield code="b">Herald Co.</subfield></datafield><datafield ind1=" " ind2=" " tag="300"><subfield code="a">volumes</subfield></datafield><datafield ind1=" " ind2=" " tag="310"><subfield code="a">Weekly</subfield></datafield><datafield ind1="1" ind2=" " tag="362"><subfield code="a">Began in 1875? Ceased in Feb. 1880.</subfield></datafield><datafield ind1=" " ind2=" " tag="588"><subfield code="a">Description based on: Vol. 39, no. 2 (July 15, 1876).</subfield></datafield><datafield ind1=" " ind2="0" tag="651"><subfield code="a">LaPorte (Ind.)</subfield><subfield code="v">Newspapers.</subfield></datafield><datafield ind1=" " ind2="0" tag="651"><subfield code="a">LaPorte County (Ind.)</subfield><subfield code="v">Newspapers.</subfield></datafield><datafield ind1=" " ind2="7" tag="651"><subfield code="a">Indiana</subfield><subfield code="z">LaPorte.</subfield><subfield code="2">fast</subfield><subfield code="0">(OCoLC)fst01719828</subfield></datafield><datafield ind1=" " ind2="7" tag="651"><subfield code="a">Indiana</subfield><subfield code="z">LaPorte County.</subfield><subfield code="2">fast</subfield><subfield code="0">(OCoLC)fst01719815</subfield></datafield><datafield ind1=" " ind2="7" tag="655"><subfield code="a">Newspapers.</subfield><subfield code="2">fast</subfield><subfield code="0">(OCoLC)fst01423814</subfield></datafield><datafield ind1=" " ind2=" " tag="752"><subfield code="a">United States</subfield><subfield code="b">Indiana</subfield><subfield code="c">La Porte</subfield><subfield code="d">La Porte.</subfield></datafield><datafield ind1="0" ind2="0" tag="780"><subfield code="t">Laporte weekly herald</subfield><subfield code="w">(DLC)sn 87056266</subfield><subfield code="w">(OCoLC)16000467</subfield></datafield><datafield ind1="0" ind2="7" tag="785"><subfield code="t">La Porte chronicle</subfield><subfield code="w">(DLC)sn 82016425</subfield><subfield code="w">(OCoLC)9320557</subfield></datafield><datafield ind1="0" ind2="7" tag="785"><subfield code="t">La Porte herald chronicle</subfield><subfield code="w">(DLC)sn 87056884</subfield><subfield code="w">(OCoLC)17008050</subfield></datafield></record>